% Encoding: ISO-8859-2

@Article{Dall2002,
  author    = {Dall, Jesper and Christensen, Michael},
  journal   = {Physical review E},
  title     = {Random geometric graphs},
  year      = {2002},
  number    = {1},
  pages     = {016121},
  volume    = {66},
  publisher = {APS},
}

@InProceedings{Dutot2007,
  author    = {Dutot, Antoine and Guinand, Fr{\'e}d{\'e}ric and Olivier, Damien and Pign{\'e}, Yoann},
  booktitle = {Emergent Properties in Natural and Artificial Complex Systems. Satellite Conference within the 4th European Conference on Complex Systems (ECCS'2007)},
  title     = {Graphstream: A tool for bridging the gap between complex systems and dynamic graphs},
  year      = {2007},
}

@Comment{jabref-meta: databaseType:bibtex;}
